% Eksempel på kilder 
@book{lamport94ldp,
  address = {Reading, Mass.},
  author = {Lamport, Leslie},
  publisher = {Addison-Wesley Pub. Co.},
  title = {{LATEX : A Document Preparation System: User's Guide And Reference Manual}},
  year = 1994
}

@book{perelman97mht,
 author = {Perelman, Leslie and Barrett, Edward},
 title = {{The Mayfield Handbook of Technical and Scientific Writing}},
 year = {1997},
 edition = {1.},
 publisher = {McGraw-Hill, Inc.},
 address = {New York, NY, USA},
}

@article{douglas73afr,
  title={Algorithms for the reduction of the number of points required to represent a digitized line or its caricature},
  author={Douglas, David H and Peucker, Thomas K},
  journal={Cartographica: The International Journal for Geographic Information and Geovisualization},
  volume={10},
  number={2},
  pages={112--122},
  year={1973},
  publisher={UT Press}
}

@mastersthesis{kjeldsen05cor,
author = {Linda Cecilie Kjeldsen},
title = {{Combining Orthogonal Range Search and Line Simplification Using Priority Search Trees}},
school = {{\O}stfold University College, School of Computer Sciences, Halden, Norway},
year = {2005},
}

% Våre kilder
@misc{ssb17fim,
  author = {Statistisk sentralbyrå},
  title = {Fakta om Internett og mobil},
  howpublished = {\url{https://www.ssb.no/teknologi-og-innovasjon/faktaside/internett-og-mobil}},
  note = {Accessed: 2019-02-19}
}

@misc{ssb17nat,
  author = {Statistisk sentralbyrå},
  title = {Ni av ti surfer på nettet hver dag},
  howpublished = {\url{https://www.ssb.no/teknologi-og-innovasjon/artikler-og-publikasjoner/ni-av-ti-surfer-pa-nettet-hver-dag}},
  note = {Accessed: 2019-02-19}
}

@misc{ssb18aup,
  author = {Statistisk sentralbyrå},
  title = {06998: Aktiviteter utført på internett de siste 3 måneder etter kjønn, alder, statistikkvariabel og år},
  howpublished = {\urlhttps://www.ssb.no/statbank/table/06998/tableViewLayout1}},
  note = {Accessed: 2019-02-19}
}


@misc{google16hms,
  author = {Google LLC},
  title = {How Mobile Search Connects Consumers to Stores},
  howpublished = {\url{https://www.thinkwithgoogle.com/consumer-insights/mobile-search-trends-consumers-to-stores}},
  note = {Accessed: 2019-02-13}
}

@misc{google16mhc,
  author = {Google LLC},
  title = {Mobile has changed search intent and how people get things done: New consumer behavior data},
  howpublished = {\url{https://www.thinkwithgoogle.com/consumer-insights/mobile-search-consumer-behavior-data/}},
  note = {Accessed: 2019-02-13}
}

@misc{google16scp,
  author = {Google LLC},
  title = {Shape Consumers' Preferences in Their I-Want-to-Buy Moments},
  howpublished = {\url{https://www.thinkwithgoogle.com/marketing-resources/micro-moments/consumer-i-want-to-buy-micro-moments}},
  note = {Accessed: 2019-02-13}
}

@inproceedings{zhao2009eew,
  title={Evaluating the Enterprise Website Credibility from the Aspect of Online Consumers},
  author={Zhao, Dan and Tan, Chunhui and Zhang, Yutao},
  booktitle={Management of e-Commerce and e-Government, 2009. ICMECG'09. International Conference on},
  pages={14--17},
  year={2009},
  organization={IEEE}
}
% https://ieeexplore.ieee.org/stamp/stamp.jsp?tp=&arnumber=5279898

@misc{marchant18wdc,
  author = {Marchant, Ross},
  title = {Gender vs Age – What Different Consumer Groups REALLY Want from Local Business Websites},
  howpublished = {\url{https://www.brightlocal.com/2016/03/04/gender-age-what-consumers-want-from-local-business-websites/}},
  note = {Accessed: 2019-02-11}
}


@misc{symfony19wis,
  author = {Symfony SAS},
  title = {What is Symfony},
  howpublished = {\url{https://symfony.com/what-is-symfony}},
  note = {Accessed: 2019-02-11}
}

@misc{burbeck87aps,
  author = {Burbeck, Steve},
  title = {Applications Programming in Smalltalk-80(TM): How to use Model-View-Controller (MVC)},
  howpublished = {\url{http://www.dgp.toronto.edu/~dwigdor/teaching/csc2524/2012_F/papers/mvc.pdf}},
  note = {Accessed: 2019-02-11}
}

@book{flensted10smg,
 author = {Flensted, Torbjørn},
 title = {{SEO : søkemotoroptimalisering med google}},
 year = {2010},
 edition = {1.},
 publisher = {BookWorld},
 address = {Oslo, Norge},
}

@book{mitchell2012usb,
  title={Understanding SEO: building a foundation for long term success},
  author={Mitchell, Melanie},
  year={2012},
  publisher={FT Press}
}

@article{yalccin2010search,
  title={What is search engine optimization: SEO?},
  author={Yal{\c{c}}{\i}n, Nursel and K{\"o}se, Utku},
  journal={Procedia-Social and Behavioral Sciences},
  volume={9},
  pages={487--493},
  year={2010},
  publisher={Elsevier}
}

@book{krug2014dmt,
publisher = {New Riders},
isbn = {9780321965516},
year = {2014},
title = {Don't make me think, revisited : a common sense approach to web usability},
edition = {3rd ed.},
language = {eng},
address = {Berkeley, Calif},
author = {Krug, Steve},
}



